@inproceedings{Schwab2008,
    title = {{Blexisma2: A distributed agent framework for constructing a semantic lexical database based on conceptual vectors}},
    year = {2008},
    booktitle = {2008 1st International Conference on Distributed Frameworks and Application, DFmA 2008},
    author = {Schwab, Didier and Lim, Lian Tze},
    pages = {102--110},
    isbn = {9781424423132},
    doi = {10.1109/ICDFMA.2008.4784421},
    keywords = {Distributed applications, Lexical semantics, Multi-agent systems, Natural language processing}
}

@article{Lim2016TEI,
    title = {{Digitising a machine-tractable version of Kamus Dewan with TEI-P5}},
    year = {2016},
    journal = {PeerJ Preprints},
    author = {Lim, Lian Tze and Chiew, Ruoh Tau and Tang, Enya Kong and Rusli, Abdul Ghani and Naimah, Yusof},
    pages = {e2205v1},
    volume = {4},
    publisher = {PeerJ Inc.},
    doi = {10.7287/PEERJ.PREPRINTS.2205V1}
}

@article{Lim2013,
    title = {{Lexicon+TX: rapid construction of a multilingual lexicon with under-resourced languages}},
    year = {2013},
    journal = {Language Resources and Evaluation},
    author = {Lim, Lian Tze and Soon, Lay-Ki and Lim, Tek Yong and Tang, Enya Kong and Ranaivo-Malan{\c{c}}on, Bali},
    number = {3},
    month = {10},
    pages = {479--492},
    volume = {48},
    url = {http://link.springer.com/10.1007/s10579-013-9253-0},
    doi = {10.1007/s10579-013-9253-0},
    issn = {1574-020X}
}

@misc{NTLKProject2015,
    title = {{Natural Language Toolkit (NLTK) 3.0 documentation}},
    year = {2015},
    author = {{NTLK Project}},
    url = {http://www.nltk.org/}
}

@article{Lim2011,
    title = {{Symbiosis between a multilingual lexicon and translation example banks}},
    year = {2011},
    journal = {Procedia - Social and Behavioral Sciences},
    author = {Lim, Lian Tze and Ranaivo-Malan{\c{c}}on, Bali and Tang, Enya Kong},
    pages = {61--69},
    volume = {27},
    isbn = {1877-0428},
    doi = {10.1016/j.sbspro.2011.10.583{\_}1},
    issn = {18770428},
    keywords = {lexical resources, machine translation, multilingual processing}
}

@article{Bond2014,
    title = {{The Combined Wordnet Bahasa}},
    year = {2014},
    journal = {NUSA: Linguistic studies of languages in and around Indonesia},
    author = {Bond, Francis and Lim, Lian Tze and Tang, Enya Kong and Riza, Hammam},
    pages = {83--100},
    volume = {57}
}